% Encoding: UTF-8

@Book{Bloch2018,
  author    = {Joshua Bloch},
  publisher = {Addison Wesley},
  title     = {Effective {J}ava},
  year      = {2018},
  edition   = {Third Edition},
  isbn      = {978-0134685991},
  month     = jan,
  ean       = {9780134685991},
  groups    = {Java Platform},
}
